<?xml version="1.0" encoding="UTF-8"?><collection xmlns="http://www.loc.gov/MARC21/slim"><record><leader>00375nam--2200157-i-4500</leader><controlfield tag="001">000013071</controlfield><controlfield tag="002">20161230</controlfield><controlfield tag="005">20170219003401</controlfield><controlfield tag="008">060222s1000------------r-----000-0-eng-d</controlfield><datafield ind1=" " ind2=" " tag="100"><subfield code="a">Ditkine, V</subfield></datafield><datafield ind1=" " ind2=" " tag="245"><subfield code="a">Calcul operationnel</subfield></datafield><datafield ind1=" " ind2=" " tag="260"><subfield code="a">Moscou</subfield><subfield code="b">Editions Mir</subfield><subfield code="c">1979</subfield></datafield><datafield ind1=" " ind2=" " tag="300"><subfield code="a">438 p</subfield></datafield><datafield ind1=" " ind2=" " tag="700"><subfield code="a">Proudnikov, A</subfield></datafield><datafield ind1=" " ind2=" " tag="852"><subfield code="a">47190</subfield><subfield code="c">517.43</subfield></datafield><datafield ind1=" " ind2=" " tag="CAT"><subfield code="a">SYS</subfield><subfield code="c">20170219</subfield><subfield code="h">003401</subfield></datafield></record></collection>